<record><leader>00000cas a22000007a 4500</leader><controlfield tag="001">70069558</controlfield><controlfield tag="008">060612d19681976vau x ne      0    0eng d</controlfield><datafield ind1=" " ind2=" " tag="010"><subfield code="a">sn2006060562</subfield></datafield><datafield ind1=" " ind2=" " tag="040"><subfield code="a">NVK</subfield><subfield code="b">eng</subfield><subfield code="c">NVK</subfield><subfield code="d">NVK</subfield><subfield code="d">OCLCF</subfield><subfield code="d">OCLCO</subfield></datafield><datafield ind1="1" ind2=" " tag="029"><subfield code="a">AU@</subfield><subfield code="b">000040398643</subfield></datafield><datafield ind1=" " ind2=" " tag="042"><subfield code="a">msc</subfield></datafield><datafield ind1=" " ind2=" " tag="043"><subfield code="a">n-us-va</subfield></datafield><datafield ind1="0" ind2="0" tag="245"><subfield code="a">Wytheville community collegian.</subfield></datafield><datafield ind1=" " ind2=" " tag="260"><subfield code="a">Wytheville, Va. :</subfield><subfield code="b">the Students of Wytheville Community College,</subfield><subfield code="c">1968-1976.</subfield></datafield><datafield ind1="0" ind2=" " tag="362"><subfield code="a">Vol. 1, no. 1 (Sept. 23, 1968)-v. 8, no. 8 (May 1976)</subfield></datafield><datafield ind1=" " ind2=" " tag="500"><subfield code="a">Vol. 1, no. 1 is untitled.</subfield></datafield><datafield ind1=" " ind2=" " tag="515"><subfield code="a">Issue numbering varies with vagaries of the academic year.</subfield></datafield><datafield ind1="2" ind2="0" tag="610"><subfield code="a">Wytheville Community College.</subfield></datafield><datafield ind1=" " ind2="0" tag="651"><subfield code="a">Wytheville (Va.)</subfield><subfield code="v">Newspapers.</subfield></datafield><datafield ind1=" " ind2="7" tag="655"><subfield code="a">Newspapers.</subfield><subfield code="2">fast</subfield><subfield code="0">(OCoLC)fst01423814</subfield></datafield><datafield ind1="2" ind2="7" tag="610"><subfield code="a">Wytheville Community College.</subfield><subfield code="2">fast</subfield><subfield code="0">(OCoLC)fst00744295</subfield></datafield><datafield ind1=" " ind2="7" tag="651"><subfield code="a">Virginia</subfield><subfield code="z">Wytheville.</subfield><subfield code="2">fast</subfield><subfield code="0">(OCoLC)fst01222310</subfield></datafield><datafield ind1="2" ind2=" " tag="710"><subfield code="a">Wytheville Community College.</subfield></datafield><datafield ind1=" " ind2=" " tag="752"><subfield code="a">United States</subfield><subfield code="b">Virginia</subfield><subfield code="c">Wythe</subfield><subfield code="d">Wytheville.</subfield></datafield><datafield ind1="0" ind2="0" tag="785"><subfield code="t">Collegian (Wytheville, Va.)</subfield><subfield code="w">(DLC)sn2006060564</subfield></datafield></record>